
@article{Montobbio:2019,
	Author = {Montobbio, Noemi and Sarti, Alessandro and Citti, Giovanna},
	Date = {2019-10-11},
	Eprint = {1807.02479},
	Eprinttype = {arxiv},
	Keywords = {Mathematics - Metric Geometry, Quantitative Biology - Neurons and Cognition},
	Title = {A metric model for the functional architecture of the visual cortex},
	Url = {http://arxiv.org/abs/1807.02479},
	Urldate = {2020-05-20},
	Year = {2019}}



@inproceedings{coates2011analysis,
  title={An analysis of single-layer networks in unsupervised feature learning},
  author={Coates, Adam and Ng, Andrew and Lee, Honglak},
  booktitle={Proceedings of the fourteenth international conference on artificial intelligence and statistics},
  pages={215--223},
  year={2011}
}

@inproceedings{ngiam2010tiled,
  title={Tiled convolutional neural networks},
  author={Ngiam, Jiquan and Chen, Zhenghao and Chia, Daniel and Koh, Pang W and Le, Quoc V and Ng, Andrew Y},
  booktitle={Advances in neural information processing systems},
  pages={1279--1287},
  year={2010}
}

@incollection{Levina:2004,
	Author = {Levina, Elizaveta and Bickel, Peter J.},
	Booktitle = {Advances in neural information processing systems 17},
	Date = {2005},
	Pages = {777--784},
	Publisher = {{MIT} Press},
	Title = {Maximum likelihood estimation of intrinsic dimension},
	Year = {2004},
	}

@article{li2019enhanced,
  title={Enhanced Convolutional Neural Tangent Kernels},
  author={Li, Zhiyuan and Wang, Ruosong and Yu, Dingli and Du, Simon S and Hu, Wei and Salakhutdinov, Ruslan and Arora, Sanjeev},
  journal={arXiv preprint arXiv:1911.00809},
  year={2019}
}

@article{recht2019imagenet,
  title={Do imagenet classifiers generalize to imagenet?},
  author={Recht, Benjamin and Roelofs, Rebecca and Schmidt, Ludwig and Shankar, Vaishaal},
  journal={arXiv preprint arXiv:1902.10811},
  year={2019}
}


@article{shankar2020neural,
  title={Neural Kernels Without Tangents},
  author={Shankar, Vaishaal and Fang, Alex and Guo, Wenshuo and Fridovich-Keil, Sara and Schmidt, Ludwig and Ragan-Kelley, Jonathan and Recht, Benjamin},
  journal={arXiv preprint arXiv:2003.02237},
  year={2020}
}

@InProceedings{Oyallon_2015_CVPR,
author = {Oyallon, Edouard and Mallat, Stephane},
title = {Deep Roto-Translation Scattering for Object Classification},
booktitle = {The IEEE Conference on Computer Vision and Pattern Recognition (CVPR)},
month = {June},
year = {2015}
}

@ARTICLE{8413168,
  author={E. {Oyallon} and S. {Zagoruyko} and G. {Huang} and N. {Komodakis} and S. {Lacoste-Julien} and M. {Blaschko} and E. {Belilovsky}},
  journal={IEEE Transactions on Pattern Analysis and Machine Intelligence}, 
  title={Scattering Networks for Hybrid Representation Learning}, 
  year={2019},
  volume={41},
  number={9},
  pages={2208-2221},}
  @inproceedings{krizhevsky2012imagenet,
  title={Imagenet classification with deep convolutional neural networks},
  author={Krizhevsky, Alex and Sutskever, Ilya and Hinton, Geoffrey E},
  booktitle={Advances in neural information processing systems},
  pages={1097--1105},
  year={2012}
}@inproceedings{he2016deep,
  title={Deep residual learning for image recognition},
  author={He, Kaiming and Zhang, Xiangyu and Ren, Shaoqing and Sun, Jian},
  booktitle={Proceedings of the IEEE conference on computer vision and pattern recognition},
  pages={770--778},
  year={2016}
}
@InProceedings{Oyallon_2017_CVPR,
author = {Oyallon, Edouard},
title = {Building a Regular Decision Boundary With Deep Networks},
booktitle = {The IEEE Conference on Computer Vision and Pattern Recognition (CVPR)},
month = {July},
year = {2017}
}
@article{belilovsky2019decoupled,
  title={Decoupled greedy learning of cnns},
  author={Belilovsky, Eugene and Eickenberg, Michael and Oyallon, Edouard},
  journal={arXiv preprint arXiv:1901.08164},
  year={2019}
}
@article{belilovsky2018greedy,
  title={Greedy layerwise learning can scale to imagenet},
  author={Belilovsky, Eugene and Eickenberg, Michael and Oyallon, Edouard},
  journal={arXiv preprint arXiv:1812.11446},
  year={2018}
}

@article{gidaris2020learning,
  title={Learning Representations by Predicting Bags of Visual Words},
  author={Gidaris, Spyros and Bursuc, Andrei and Komodakis, Nikos and P{\'e}rez, Patrick and Cord, Matthieu},
  journal={arXiv preprint arXiv:2002.12247},
  year={2020}
}
@InProceedings{Oyallon_2018_ECCV,
author = {Oyallon, Edouard and Belilovsky, Eugene and Zagoruyko, Sergey and Valko, Michal},
title = {Compressing the Input for CNNs with the First-Order Scattering Transform},
booktitle = {The European Conference on Computer Vision (ECCV)},
month = {September},
year = {2018}
}
@inproceedings{rahimi2008random,
  title={Random features for large-scale kernel machines},
  author={Rahimi, Ali and Recht, Benjamin},
  booktitle={Advances in neural information processing systems},
  pages={1177--1184},
  year={2008}
}

@inproceedings{jacot2018neural,
  title={Neural tangent kernel: Convergence and generalization in neural networks},
  author={Jacot, Arthur and Gabriel, Franck and Hongler, Cl{\'e}ment},
  booktitle={Advances in neural information processing systems},
  pages={8571--8580},
  year={2018}
}
@article{lu2014scale,
  title={How to scale up kernel methods to be as good as deep neural nets},
  author={Lu, Zhiyun and May, Avner and Liu, Kuan and Garakani, Alireza Bagheri and Guo, Dong and Bellet, Aur{\'e}lien and Fan, Linxi and Collins, Michael and Kingsbury, Brian and Picheny, Michael and others},
  journal={arXiv preprint arXiv:1411.4000},
  year={2014}
}

@inproceedings{zeiler2014visualizing,
  title={Visualizing and understanding convolutional networks},
  author={Zeiler, Matthew D and Fergus, Rob},
  booktitle={European conference on computer vision},
  pages={818--833},
  year={2014},
  organization={Springer}
}
@inproceedings{chizat2018global,
  title={On the global convergence of gradient descent for over-parameterized models using optimal transport},
  author={Chizat, Lenaic and Bach, Francis},
  booktitle={Advances in neural information processing systems},
  pages={3036--3046},
  year={2018}
}

@article{yu2010improved,
  title={Improved local coordinate coding using local tangents},
  author={Yu, Kai and Zhang, Tong},
  year={2010}
}
@article{fefferman2016testing,
  title={Testing the manifold hypothesis},
  author={Fefferman, Charles and Mitter, Sanjoy and Narayanan, Hariharan},
  journal={Journal of the American Mathematical Society},
  volume={29},
  number={4},
  pages={983--1049},
  year={2016}
}
@inproceedings{bo2013multipath,
  title={Multipath sparse coding using hierarchical matching pursuit},
  author={Bo, Liefeng and Ren, Xiaofeng and Fox, Dieter},
  booktitle={Proceedings of the IEEE Conference on Computer Vision and Pattern Recognition},
  pages={660--667},
  year={2013}
}
  @article{zarka2019deep,
  title={Deep Network classification by Scattering and Homotopy dictionary learning},
  author={Zarka, John and Thiry, Louis and Angles, Tom{\'a}s and Mallat, St{\'e}phane},
  journal={arXiv preprint arXiv:1910.03561},
  year={2019}
}
@article {Roweis2323,
	author = {Roweis, Sam T. and Saul, Lawrence K.},
	title = {Nonlinear Dimensionality Reduction by Locally Linear Embedding},
	volume = {290},
	number = {5500},
	pages = {2323--2326},
	year = {2000},
	doi = {10.1126/science.290.5500.2323},
	publisher = {American Association for the Advancement of Science},
	abstract = {Many areas of science depend on exploratory data analysis and visualization. The need to analyze large amounts of multivariate data raises the fundamental problem of dimensionality reduction: how to discover compact representations of high-dimensional data. Here, we introduce locally linear embedding (LLE), an unsupervised learning algorithm that computes low-dimensional, neighborhood-preserving embeddings of high-dimensional inputs. Unlike clustering methods for local dimensionality reduction, LLE maps its inputs into a single global coordinate system of lower dimensionality, and its optimizations do not involve local minima. By exploiting the local symmetries of linear reconstructions, LLE is able to learn the global structure of nonlinear manifolds, such as those generated by images of faces or documents of text.},
	issn = {0036-8075},
	URL = {https://science.sciencemag.org/content/290/5500/2323},
	eprint = {https://science.sciencemag.org/content/290/5500/2323.full.pdf},
	journal = {Science}
}

@inproceedings{mairal2016end,
  title={End-to-end kernel learning with supervised convolutional kernel networks},
  author={Mairal, Julien},
  booktitle={Advances in neural information processing systems},
  pages={1399--1407},
  year={2016}
}

@book{mallat1999wavelet,
  title={A wavelet tour of signal processing},
  author={Mallat, St{\'e}phane},
  year={1999},
  publisher={Elsevier}
}

@article{russakovsky2015imagenet,
  title={Imagenet large scale visual recognition challenge},
  author={Russakovsky, Olga and Deng, Jia and Su, Hao and Krause, Jonathan and Satheesh, Sanjeev and Ma, Sean and Huang, Zhiheng and Karpathy, Andrej and Khosla, Aditya and Bernstein, Michael and others},
  journal={International journal of computer vision},
  volume={115},
  number={3},
  pages={211--252},
  year={2015},
  publisher={Springer}
}

@inproceedings{efros1999texture,
  title={Texture synthesis by non-parametric sampling},
  author={Efros, Alexei A and Leung, Thomas K},
  booktitle={Proceedings of the seventh IEEE international conference on computer vision},
  volume={2},
  pages={1033--1038},
  year={1999},
  organization={IEEE}
}
@article{criminisi2004region,
  title={Region filling and object removal by exemplar-based image inpainting},
  author={Criminisi, Antonio and P{\'e}rez, Patrick and Toyama, Kentaro},
  journal={IEEE Transactions on image processing},
  volume={13},
  number={9},
  pages={1200--1212},
  year={2004},
  publisher={IEEE}
}

@article{wallace1992jpeg,
  title={The JPEG still picture compression standard},
  author={Wallace, Gregory K},
  journal={IEEE transactions on consumer electronics},
  volume={38},
  number={1},
  pages={xviii--xxxiv},
  year={1992},
  publisher={IEEE}
}
@article{oyallon2018scattering,
  title={Scattering networks for hybrid representation learning},
  author={Oyallon, Edouard and Zagoruyko, Sergey and Huang, Gabriel and Komodakis, Nikos and Lacoste-Julien, Simon and Blaschko, Matthew and Belilovsky, Eugene},
  journal={IEEE transactions on pattern analysis and machine intelligence},
  volume={41},
  number={9},
  pages={2208--2221},
  year={2018},
  publisher={IEEE}
}

@inproceedings{oyallon2017scaling,
  title={Scaling the scattering transform: Deep hybrid networks},
  author={Oyallon, Edouard and Belilovsky, Eugene and Zagoruyko, Sergey},
  booktitle={Proceedings of the IEEE international conference on computer vision},
  pages={5618--5627},
  year={2017}
}

@article{brendel2019approximating,
  title={Approximating cnns with bag-of-local-features models works surprisingly well on imagenet},
  author={Brendel, Wieland and Bethge, Matthias and ,},
  journal={arXiv preprint arXiv:1904.00760},
  year={2019}
}

@inproceedings{chandra1936generalised,
  title={On the generalised distance in statistics},
  author={Chandra, Mahalanobis Prasanta and others},
  booktitle={Proceedings of the National Institute of Sciences of India},
  volume={2},
  number={1},
  pages={49--55},
  year={1936}
}

@article{mclachlan1999mahalanobis,
  title={Mahalanobis distance},
  author={McLachlan, Goeffrey J},
  journal={Resonance},
  volume={4},
  number={6},
  pages={20--26},
  year={1999},
  publisher={Springer India, in co-publication with Indian Academy of Sciences}
}

@article{DBLP:journals/corr/ChrabaszczLH17,
  author    = {Patryk Chrabaszcz and
               Ilya Loshchilov and
               Frank Hutter},
  title     = {A Downsampled Variant of ImageNet as an Alternative to the {CIFAR}
               datasets},
  journal   = {CoRR},
  volume    = {abs/1707.08819},
  year      = {2017},
  url       = {http://arxiv.org/abs/1707.08819},
  archivePrefix = {arXiv},
  eprint    = {1707.08819},
  timestamp = {Mon, 13 Aug 2018 16:48:14 +0200},
  biburl    = {https://dblp.org/rec/journals/corr/ChrabaszczLH17.bib},
  bibsource = {dblp computer science bibliography, https://dblp.org}
}

@article{coates2011importance,
  title={The importance of encoding versus training with sparse coding and vector quantization},
  author={Coates, Adam and Ng, Andrew Y},
  year={2011}
}

@inproceedings{perronnin2010improving,
  title={Improving the fisher kernel for large-scale image classification},
  author={Perronnin, Florent and S{\'a}nchez, Jorge and Mensink, Thomas},
  booktitle={European conference on computer vision},
  pages={143--156},
  year={2010},
  organization={Springer}
}

@inproceedings{wang2010locality,
  title={Locality-constrained linear coding for image classification},
  author={Wang, Jinjun and Yang, Jianchao and Yu, Kai and Lv, Fengjun and Huang, Thomas and Gong, Yihong},
  booktitle={2010 IEEE computer society conference on computer vision and pattern recognition},
  pages={3360--3367},
  year={2010},
  organization={IEEE}
}

@article{lowe2004distinctive,
  title={Distinctive image features from scale-invariant keypoints},
  author={Lowe, David G},
  journal={International journal of computer vision},
  volume={60},
  number={2},
  pages={91--110},
  year={2004},
  publisher={Springer}
}

@inproceedings{dalal2005histograms,
  title={Histograms of oriented gradients for human detection},
  author={Dalal, Navneet and Triggs, Bill},
  booktitle={2005 IEEE computer society conference on computer vision and pattern recognition (CVPR'05)},
  volume={1},
  pages={886--893},
  year={2005},
  organization={IEEE}
}

@article{mallat2012group,
  title={Group invariant scattering},
  author={Mallat, St{\'e}phane},
  journal={Communications on Pure and Applied Mathematics},
  volume={65},
  number={10},
  pages={1331--1398},
  year={2012},
  publisher={Wiley Online Library}
}

@article{sanchez2013image,
  title={Image classification with the fisher vector: Theory and practice},
  author={S{\'a}nchez, Jorge and Perronnin, Florent and Mensink, Thomas and Verbeek, Jakob},
  journal={International journal of computer vision},
  volume={105},
  number={3},
  pages={222--245},
  year={2013},
  publisher={Springer}
}

@inproceedings{arandjelovic2017look,
  title={Look, listen and learn},
  author={Arandjelovic, Relja and Zisserman, Andrew and , },
  booktitle={Proceedings of the IEEE International Conference on Computer Vision},
  pages={609--617},
  year={2017}
}

@article{he2019momentum,
  title={Momentum contrast for unsupervised visual representation learning},
  author={He, Kaiming and Fan, Haoqi and Wu, Yuxin and Xie, Saining and Girshick, Ross},
  journal={arXiv preprint arXiv:1911.05722},
  year={2019}
}

@article{henaff2019data,
  title={Data-efficient image recognition with contrastive predictive coding},
  author={H{\'e}naff, Olivier J and Srinivas, Aravind and De Fauw, Jeffrey and Razavi, Ali and Doersch, Carl and Eslami, SM and Oord, Aaron van den},
  journal={arXiv preprint arXiv:1905.09272},
  year={2019}
}

@inproceedings{beyer1999nearest,
  title={When is “nearest neighbor” meaningful?},
  author={Beyer, Kevin and Goldstein, Jonathan and Ramakrishnan, Raghu and Shaft, Uri},
  booktitle={International conference on database theory},
  pages={217--235},
  year={1999},
  organization={Springer}
}


@article{ioffe2015batch,
  title={Batch normalization: Accelerating deep network training by reducing internal covariate shift},
  author={Ioffe, Sergey and Szegedy, Christian},
  journal={arXiv preprint arXiv:1502.03167},
  year={2015}
}

@inproceedings{weinzaepfel2011reconstructing,
  title={Reconstructing an image from its local descriptors},
  author={Weinzaepfel, Philippe and J{\'e}gou, Herv{\'e} and P{\'e}rez, Patrick},
  booktitle={CVPR 2011},
  pages={337--344},
  year={2011},
  organization={IEEE}
}

@inproceedings{pati1993orthogonal,
  title={Orthogonal matching pursuit: Recursive function approximation with applications to wavelet decomposition},
  author={Pati, Yagyensh Chandra and Rezaiifar, Ramin and Krishnaprasad, Perinkulam Sambamurthy},
  booktitle={Proceedings of 27th Asilomar conference on signals, systems and computers},
  pages={40--44},
  year={1993},
  organization={IEEE}
}


@inproceedings{rudi2017generalization,
  title={Generalization properties of learning with random features},
  author={Rudi, Alessandro and Rosasco, Lorenzo},
  booktitle={Advances in Neural Information Processing Systems},
  pages={3215--3225},
  year={2017}
}

@article{kirkpatrick2017overcoming,
  title={Overcoming catastrophic forgetting in neural networks},
  author={Kirkpatrick, James and Pascanu, Razvan and Rabinowitz, Neil and Veness, Joel and Desjardins, Guillaume and Rusu, Andrei A and Milan, Kieran and Quan, John and Ramalho, Tiago and Grabska-Barwinska, Agnieszka and others},
  journal={Proceedings of the national academy of sciences},
  volume={114},
  number={13},
  pages={3521--3526},
  year={2017},
  publisher={National Acad Sciences}
}

@article{szegedy2013intriguing,
  title={Intriguing properties of neural networks},
  author={Szegedy, Christian and Zaremba, Wojciech and Sutskever, Ilya and Bruna, Joan and Erhan, Dumitru and Goodfellow, Ian and Fergus, Rob},
  journal={arXiv preprint arXiv:1312.6199},
  year={2013}
}

@inproceedings{rudi2017falkon,
  title={Falkon: An optimal large scale kernel method},
  author={Rudi, Alessandro and Carratino, Luigi and Rosasco, Lorenzo},
  booktitle={Advances in Neural Information Processing Systems},
  pages={3888--3898},
  year={2017}
}
